<record><leader>00000cas a22000007a 4500</leader><controlfield tag="001">25299498</controlfield><controlfield tag="008">920219d18971905ncudn ne      0    0eng d</controlfield><datafield ind1=" " ind2=" " tag="010"><subfield code="a">sn 92072955 </subfield></datafield><datafield ind1=" " ind2=" " tag="040"><subfield code="a">NVJ</subfield><subfield code="b">eng</subfield><subfield code="c">NVJ</subfield><subfield code="d">OCLCQ</subfield></datafield><datafield ind1=" " ind2=" " tag="042"><subfield code="a">msc</subfield></datafield><datafield ind1="0" ind2=" " tag="130"><subfield code="a">Morning post (Raleigh, N.C.)</subfield></datafield><datafield ind1="1" ind2="4" tag="245"><subfield code="a">The morning post.</subfield></datafield><datafield ind1=" " ind2=" " tag="260"><subfield code="a">Raleigh, N.C. :</subfield><subfield code="b">N.C. Pub. Co.</subfield></datafield><datafield ind1=" " ind2=" " tag="300"><subfield code="a">v.</subfield></datafield><datafield ind1=" " ind2=" " tag="310"><subfield code="a">Daily (except Monday)</subfield></datafield><datafield ind1="0" ind2=" " tag="362"><subfield code="a">Vol. 1, no. 1 (Dec. 1, 1897)-v. 9, no. 142 (Nov. 12, 1905).</subfield></datafield><datafield ind1=" " ind2=" " tag="580"><subfield code="a">Weekly ed.: Raleigh post, &lt;Jan. 11, 1900-Nov. 22, 1900&gt;</subfield></datafield><datafield ind1=" " ind2=" " tag="752"><subfield code="a">United States</subfield><subfield code="b">North Carolina</subfield><subfield code="c">Wake</subfield><subfield code="d">Raleigh.</subfield></datafield><datafield ind1="1" ind2=" " tag="775"><subfield code="t">Raleigh post</subfield><subfield code="w">(DLC)sn 92072956</subfield></datafield></record>